@misc{w1, 
    author = "google",
    title = "google/styleguide",
    date_of_access = "2018/09/27"
}
