@misc{ b1,
       AUTHOR = "Bob Biber",
       TITLE = "Logic Simplified",
       MONTH = "Oct",
       YEAR = "2018"
}

@misc{ b2,
       AUTHOR = "Sam Byford",
       TITLE = "Pixel art games aren't retro, they're the future",
       MONTH = "Sept",
       YEAR = "2018"
}
@misc{ b3,
       AUTHOR = "Internet",
       TITLE = "Statista",
       MONTH = "Sept",
       YEAR = "2017"
}