@misc{ b1,
       AUTHOR = "Mario Calce",
       TITLE = "Module Guide and MIS",
       MONTH = "Dec",
       YEAR = "2016"
}

@misc{ b2,
       AUTHOR = "Asghar Bokhari",
       TITLE = "SE 3XA3:Modular Documentation",
       MONTH = "Oct",
       YEAR = "2017"
}